<record><leader>00000cas a22000007a 4500</leader><controlfield tag="001">16947707</controlfield><controlfield tag="008">871106d18801883ohudn ne      0    0eng d</controlfield><datafield ind1=" " ind2=" " tag="010"><subfield code="a">sn 87070315 </subfield></datafield><datafield ind1=" " ind2=" " tag="040"><subfield code="a">NYS</subfield><subfield code="b">eng</subfield><subfield code="c">NYS</subfield><subfield code="d">ONP</subfield><subfield code="d">NYG</subfield><subfield code="d">CNK</subfield><subfield code="d">OCLCQ</subfield></datafield><datafield ind1=" " ind2=" " tag="042"><subfield code="a">msc</subfield></datafield><datafield ind1="0" ind2="0" tag="245"><subfield code="a">Daily times and Ohio statesman.</subfield></datafield><datafield ind1=" " ind2=" " tag="260"><subfield code="a">Columbus, Ohio :</subfield><subfield code="b">Times Co.,</subfield><subfield code="c">1880-1883.</subfield></datafield><datafield ind1=" " ind2=" " tag="300"><subfield code="a">v.</subfield></datafield><datafield ind1=" " ind2=" " tag="310"><subfield code="a">Daily (except Sun.)</subfield></datafield><datafield ind1="0" ind2=" " tag="362"><subfield code="a">Vol. 52, no. 56 (Mar. 15, 1880)-v. 56, no. 61 (Apr. 12, 1883).</subfield></datafield><datafield ind1=" " ind2=" " tag="500"><subfield code="a">"And Ohio statesman" appears in logo.</subfield></datafield><datafield ind1=" " ind2=" " tag="752"><subfield code="a">United States</subfield><subfield code="b">Ohio</subfield><subfield code="c">Franklin</subfield><subfield code="d">Columbus.</subfield></datafield><datafield ind1="0" ind2="0" tag="780"><subfield code="t">Columbus Democrat and Ohio statesman</subfield><subfield code="w">(DLC)sn 88077804</subfield></datafield><datafield ind1="0" ind2="0" tag="785"><subfield code="t">Daily times (Columbus, Ohio)</subfield><subfield code="w">(DLC)sn 84028653</subfield></datafield></record>